<?xml version="1.0" encoding="UTF-8"?><collection xmlns="http://www.loc.gov/MARC21/slim"><record><leader>00428nam--2200133-i-4500</leader><controlfield tag="001">000010296</controlfield><controlfield tag="002">20161230</controlfield><controlfield tag="005">20161230201028</controlfield><controlfield tag="008">060222s1000------------r-----000-0-eng-d</controlfield><datafield ind1=" " ind2=" " tag="080"><subfield code="a">621.375.826</subfield></datafield><datafield ind1=" " ind2=" " tag="100"><subfield code="a">Roberts T.G., Friday W.A,D.W.Howgate And T.A. Barr</subfield></datafield><datafield ind1=" " ind2=" " tag="245"><subfield code="a">Continous wave chemical laser modeling assum ing instantaneous mixing</subfield></datafield><datafield ind1=" " ind2=" " tag="260"><subfield code="a">Redstone,Alabana, U.S.Army Missile Comrand, 1971 Iii + 57 P</subfield></datafield><datafield ind1=" " ind2=" " tag="852"><subfield code="a">37254</subfield></datafield></record></collection>